<?xml version="1.0" encoding="UTF-8"?>
<record xmlns="http://www.loc.gov/MARC21/slim">
   <leader>01461cam a2200337Ia 4500</leader>
   <controlfield tag="001">6581146</controlfield>
   <controlfield tag="003">NjP</controlfield>
   <controlfield tag="005">20110608135833.0</controlfield>
   <controlfield tag="008">851206s1966    iq a     b    001 0 ara  </controlfield>
   <datafield tag="024" ind1="7" ind2=" ">
      <subfield code="a">princeton_aco004609</subfield>
      <subfield code="2">local</subfield>
   </datafield>
   <datafield ind1=" " ind2=" " tag="010">
      <subfield code="a">ne 68000044 </subfield>
   </datafield>
   <datafield ind1=" " ind2=" " tag="035">
      <subfield code="a">(OCoLC)ocm12880162</subfield>
   </datafield>
   <datafield ind1=" " ind2=" " tag="040">
      <subfield code="a">DLC</subfield>
      <subfield code="c">OSU</subfield>
      <subfield code="d">OSU</subfield>
      <subfield code="d">OCLCQ</subfield>
      <subfield code="d">CUY</subfield>
   </datafield>
   <datafield ind1=" " ind2=" " tag="066">
      <subfield code="c">(3</subfield>
   </datafield>
   <datafield ind1=" " ind2=" " tag="035">
      <subfield code="a">(OCoLC)12880162</subfield>
   </datafield>
   <datafield ind1=" " ind2=" " tag="043">
      <subfield code="a">a-iq---</subfield>
   </datafield>
   <datafield ind1=" " ind2="4" tag="050">
      <subfield code="a">BP189.4</subfield>
      <subfield code="b">.M35</subfield>
   </datafield>
   <datafield ind1=" " ind2=" " tag="049">
      <subfield code="a">PULL</subfield>
   </datafield>
   <datafield ind1="1" ind2=" " tag="100">
      <subfield code="6">880-01</subfield>
      <subfield code="a">Mawṣilī, Aḥmad ibn al-Khayyāṭ,</subfield>
      <subfield code="d">1780 or 81-1868 or 9.</subfield>
   </datafield>
   <datafield ind1="1" ind2="0" tag="245">
      <subfield code="6">880-02</subfield>
      <subfield code="a">Tarjamat al-awliyāʾ fī al-Mawṣil al-Ḥadbāʾ /</subfield>
      <subfield code="c">taʾlīf Aḥmad ibn al-Khayyāṭ al-Mawṣilī ; ḥaqqaqahu wa-nasharahu Saʻīd al-Daywahʹjī.</subfield>
   </datafield>
   <datafield ind1=" " ind2=" " tag="260">
      <subfield code="6">880-03</subfield>
      <subfield code="a">al-Mawṣil :</subfield>
      <subfield code="b">Maṭbaʻat al-Jumhūrīyah,</subfield>
      <subfield code="c">1966.</subfield>
   </datafield>
   <datafield ind1=" " ind2=" " tag="300">
      <subfield code="a">154 p. :</subfield>
      <subfield code="b">ill. ;</subfield>
      <subfield code="c">24 cm.</subfield>
   </datafield>
   <datafield ind1=" " ind2=" " tag="504">
      <subfield code="a">Includes bibliographical references (p. 122-128).</subfield>
   </datafield>
   <datafield ind1=" " ind2=" " tag="500">
      <subfield code="a">Includes indexes.</subfield>
   </datafield>
   <datafield ind1=" " ind2=" " tag="530">
      <subfield code="a">Also issued online.</subfield>
   </datafield>
   <datafield ind1=" " ind2="0" tag="650">
      <subfield code="a">Muslim saints</subfield>
      <subfield code="z">Iraq</subfield>
      <subfield code="z">Mosul.</subfield>
   </datafield>
   <datafield ind1="1" ind2=" " tag="700">
      <subfield code="6">880-04</subfield>
      <subfield code="a">Daywahʹchī, Saʻīd.</subfield>
   </datafield>
   <datafield ind1="1" ind2=" " tag="880">
      <subfield code="6">100-01/(3/r</subfield>
      <subfield code="a">موصلي، أحمد بن الخياط.</subfield>
   </datafield>
   <datafield ind1="1" ind2="0" tag="880">
      <subfield code="6">245-02/(3/r</subfield>
      <subfield code="a">ترجمة الأولياء في الموصل الحدباء /</subfield>
      <subfield code="c">تأليف أحمد بن الخياط الموصلي ؛ حققه ونشره سعيد الديوه جي.</subfield>
   </datafield>
   <datafield ind1=" " ind2=" " tag="880">
      <subfield code="6">260-03/(3/r</subfield>
      <subfield code="a">الموصل :</subfield>
      <subfield code="b">مطبعة الجمهورية،</subfield>
      <subfield code="c">١٩٦٦.</subfield>
   </datafield>
   <datafield ind1="1" ind2=" " tag="880">
      <subfield code="6">700-04/(3/r</subfield>
      <subfield code="a">ديوه جي، سعيد.</subfield>
   </datafield>
   <datafield ind1=" " ind2=" " tag="994">
      <subfield code="a">C0</subfield>
      <subfield code="b">PUL</subfield>
   </datafield>
   <datafield ind1=" " ind2=" " tag="902">
      <subfield code="a">jab</subfield>
      <subfield code="b">r</subfield>
      <subfield code="6">a</subfield>
      <subfield code="7">m</subfield>
      <subfield code="d">v</subfield>
      <subfield code="f">0</subfield>
      <subfield code="e">20110608</subfield>
   </datafield>
   <datafield ind1="8" ind2=" " tag="852">
      <subfield code="0">6541170</subfield>
      <subfield code="b">rcppa</subfield>
      <subfield code="h">2271.409322.2.389</subfield>
   </datafield>
   <datafield ind1=" " ind2=" " tag="959">
      <subfield code="a">2011-06-08 14:01:09 -0500</subfield>
   </datafield>
</record>
